<?xml version="1.0" encoding="UTF-8"?>
<collection xmlns:xsi="http://www.w3.org/2001/XMLSchema-instance" xsi:schemaLocation="http://www.loc.gov/MARC21/slim http://www.loc.gov/standards/marcxml/schema/MARC21slim.xsd" xmlns="http://www.loc.gov/MARC21/slim">
<record>
  <leader>02766cam a2200493   4500</leader>
  <controlfield tag="001">861989</controlfield>
  <controlfield tag="003">NNC</controlfield>
  <controlfield tag="005">20140126210200.0</controlfield>
  <controlfield tag="008">801017s1973    ir       b    000 0 arar </controlfield>
  <datafield tag="010" ind1=" " ind2=" ">
    <subfield code="a">   79354161 </subfield>
  </datafield>
  <datafield tag="035" ind1=" " ind2=" ">
    <subfield code="a">(OCoLC)507814907</subfield>
  </datafield>
  <datafield tag="035" ind1=" " ind2=" ">
    <subfield code="a">(OCoLC)ocn507814907</subfield>
  </datafield>
  <datafield tag="035" ind1=" " ind2=" ">
    <subfield code="9">AER5195CU</subfield>
  </datafield>
  <datafield tag="035" ind1=" " ind2=" ">
    <subfield code="a">(NNC)861989</subfield>
  </datafield>
  <datafield tag="035" ind1=" " ind2=" ">
    <subfield code="a">861989</subfield>
  </datafield>
  <datafield tag="040" ind1=" " ind2=" ">
    <subfield code="a">DLC</subfield>
    <subfield code="c">WaU</subfield>
    <subfield code="d">m.c.</subfield>
    <subfield code="d">CU</subfield>
    <subfield code="d">CStRLIN</subfield>
    <subfield code="d">NNU</subfield>
    <subfield code="d">UkMaJRU</subfield>
  </datafield>
  <datafield tag="041" ind1="0" ind2=" ">
    <subfield code="a">perara</subfield>
  </datafield>
  <datafield tag="050" ind1="0" ind2=" ">
    <subfield code="a">B753</subfield>
    <subfield code="b">.M8 1973</subfield>
  </datafield>
  <datafield tag="066" ind1=" " ind2=" ">
    <subfield code="c">(3</subfield>
    <subfield code="c">(4</subfield>
  </datafield>
  <datafield tag="100" ind1="1" ind2=" ">
    <subfield code="6">880-01</subfield>
    <subfield code="a">Ṣadr al-Dīn Shīrāzī, Muḥammad ibn Ibrāhīm,</subfield>
    <subfield code="d">-1641.</subfield>
  </datafield>
  <datafield tag="245" ind1="1" ind2="3">
    <subfield code="6">880-02</subfield>
    <subfield code="a">al-Masā'il al-qudsīyah mutashābihāt al-Qurān ājubat al-masā'il:</subfield>
    <subfield code="b">sih risālah /</subfield>
    <subfield code="c">az Muḥammad ibn Ibrāhīm Ṣadr al-Dīn al-Shīrāzī ; bā taʻlīq va taṣḥīḥ̄ va muqaddimah-'i Jalāl al-Dīn Āshtiyānī.</subfield>
  </datafield>
  <datafield tag="260" ind1=" " ind2=" ">
    <subfield code="6">880-03</subfield>
    <subfield code="a">Mashhad :</subfield>
    <subfield code="b">Chāpʹkhānah-'i Dānishgāh-i Mashhad,</subfield>
    <subfield code="c">1973.</subfield>
  </datafield>
  <datafield tag="300" ind1=" " ind2=" ">
    <subfield code="a">217, 198, [16] p. ;</subfield>
    <subfield code="c">24 cm.</subfield>
  </datafield>
  <datafield tag="490" ind1="1" ind2=" ">
    <subfield code="6">880-04</subfield>
    <subfield code="a">Intishārāt-i Dānishkadah-'i Ilāhiyāt va Maʻārif-i Islāmī-i Mashhad ;</subfield>
    <subfield code="v">shumārah-í 5</subfield>
  </datafield>
  <datafield tag="500" ind1=" " ind2=" ">
    <subfield code="a">Added t. p.: Three treatises.</subfield>
  </datafield>
  <datafield tag="500" ind1=" " ind2=" ">
    <subfield code="a">Cover title: Rasā'il-i falsafī.</subfield>
  </datafield>
  <datafield tag="500" ind1=" " ind2=" ">
    <subfield code="a">Texts in Arabic; introd. and notes in Persian; a pref. in English.</subfield>
  </datafield>
  <datafield tag="504" ind1=" " ind2=" ">
    <subfield code="a">Includes bibliographical references.</subfield>
  </datafield>
  <datafield tag="505" ind1="0" ind2=" ">
    <subfield code="a">al-Masā'il al-qudsīyah.--Mutashābihāt al-Qur'ān.--Ajwibat al-masā'il.</subfield>
  </datafield>
  <datafield tag="600" ind1="1" ind2="0">
    <subfield code="6">880-05</subfield>
    <subfield code="a">Ṣadr al-Dīn Shīrāzī, Muḥammad ibn Ibrāhīm,</subfield>
    <subfield code="d">-1641.</subfield>
  </datafield>
  <datafield tag="630" ind1="0" ind2="0">
    <subfield code="a">Qurʼan</subfield>
    <subfield code="x">Criticism, interpretation, etc.</subfield>
  </datafield>
  <datafield tag="650" ind1=" " ind2="0">
    <subfield code="a">Islamic philosophy</subfield>
    <subfield code="v">Early works to 1800.</subfield>
  </datafield>
  <datafield tag="700" ind1="1" ind2=" ">
    <subfield code="6">880-06</subfield>
    <subfield code="a">Āshtiyānī, Jalāl al-Dīn.</subfield>
  </datafield>
  <datafield tag="740" ind1="0" ind2=" ">
    <subfield code="a">Rasā'il-i falsafī.</subfield>
  </datafield>
  <datafield tag="830" ind1=" " ind2="0">
    <subfield code="6">880-07</subfield>
    <subfield code="a">Intishārāt-i Dānishkadah-ʼi Ilāhīyat va Maʻārif-i Islāmī-i Mashhad ;</subfield>
    <subfield code="v">shumārah-í 5.</subfield>
  </datafield>
  <datafield tag="880" ind1="1" ind2=" ">
    <subfield code="6">100-01/(3/r</subfield>
    <subfield code="a">ملاّ صدرا، محمد ابن ابراهيم,</subfield>
    <subfield code="d">-1641.</subfield>
  </datafield>
  <datafield tag="880" ind1="1" ind2="2">
    <subfield code="6">245-02/(3/r</subfield>
    <subfield code="a">المسائل القدسية متشابهات القران اجوبة المسائل :</subfield>
    <subfield code="b">سه رساله /</subfield>
    <subfield code="c">از محمدبن ابراهيم صدر الدين الشيرازى ؛ با تعليق و تصحيح و مقدمه جلال الدين آشتيانى.</subfield>
  </datafield>
  <datafield tag="880" ind1=" " ind2=" ">
    <subfield code="6">260-03/(3/r</subfield>
    <subfield code="a">مشهد :</subfield>
    <subfield code="b">چاپخانه دانشگاه مشهد،</subfield>
    <subfield code="c">١٣٥٢.</subfield>
  </datafield>
  <datafield tag="880" ind1="1" ind2=" ">
    <subfield code="6">490-04/(3/r</subfield>
    <subfield code="a">انتشارات دانشكدۀ الهيات و معارف اسلامى مشهد ؛</subfield>
    <subfield code="v">شماره ٥</subfield>
  </datafield>
  <datafield tag="880" ind1="1" ind2="0">
    <subfield code="6">600-05/(3/r</subfield>
    <subfield code="a">ملاّ صدرا، محمد ابراهيم,</subfield>
    <subfield code="d">-1641.</subfield>
  </datafield>
  <datafield tag="880" ind1="1" ind2=" ">
    <subfield code="6">700-06/(3/r</subfield>
    <subfield code="a">آشتيانى، جلال الدين.</subfield>
  </datafield>
  <datafield tag="880" ind1=" " ind2="0">
    <subfield code="6">830-07/(3/r</subfield>
    <subfield code="a">انتشارات دانشكدۀ الهيات و معارف اسلامى مشهد ؛</subfield>
    <subfield code="v">شماره ٥</subfield>
  </datafield>
  <datafield tag="955" ind1=" " ind2=" ">
    <subfield code="b">CU59738995</subfield>
    <subfield code="d">off,glx</subfield>
    <subfield code="e">B753 .M8 1973</subfield>
  </datafield>
</record>
</collection>